1832 2847
388 75 531 113 -23-

41 228 47 240 .
80 194 107 246 ad
115 195 200 238 ventres
209 195 396 251 ouium'adligatos
405 196 495 253 Cyelopi
506 194 622 242 emanibns
631 199 714 255 eripuit,
722 201 836 257 >Euripides

80 265 103 307 ut
118 277 160 308 non
175 265 250 319 utitun‘
260 279 309 309 eum
319 266 406 310 Ulixem
416 266 477 310 breui
486 280 564 312 navem
572 266 754 323 oonse'endentem
762 267 836 324 ‘faeiat

79 333 111 377 ita
125 335 234 389 postremo
249 335 339 397 Homeri
353 335 450 390 vestigiis
466 336 532 380 artius
547 336 627 381 insistit
642 337 703 393 quod
713 335 836 395 Cyclopem,

80 402 116 446 nbi
131 402 223 458 primum
230 403 306 447 *Ulixis
317 405 357 448 viri
370 404 511 449 inimieissimi
525 418 605 450 nomen·
618 407 726 462 oomperit,
742 403 838 450 Vatieinii

80 472 165 528 pristini
179 485 296 533 meruorem
310 461 381 529 fingit'
395 478 435 529 quo
451 486 474 517 se
490 473 516 517 ab
532 474 596 518 Ulixe
612 477 672 520 oeulo
687 473 795 530 priuatum
804 476 836 518 iri

79 542 122 590 iam
139 542 223 585 dudum
234 543 368 597 eornpertum
382 543 460 586 habeat
473 542 531 599 (Ope.
548 544 683 600 696-698);,

219 636 263 676 diui·
280 635 361 681 παλαιὸς
376 631 466 693 χρησμὸς
480 631 612 697 intrepretatur,

218 706 294 763 τυφλὴν
310 708 346 764 γάρ
362 708 402 764 ὄψιν
418 707 439 748 ἐκ
456 707 512 748 oe'tleo
528 706 696 765 optosrrp'stpp

220 777 297 834 Τροίας,
306 764 459 835 ἀφορμηθένῑὸς.
473 801 475 803 -
486 799 488 801 ·
679 765 681 769 ¹

82 867 165 923 Quibus
186 881 234 913 oum
254 858 468 935 versibus-eonferre
490 870 541 932 lieet
559 870 673 926 Odysseae⁴
690 872 700 912 ι’
718 874 836 930 5061421,
879 870 880 873 ’

81 937 175 981 Aeeedit
197 939 253 993 quod
275 940 421 996 Polyphemus
445 940 467 983 in
492 939 564 986 fabula
588 941 693 1003 soaenioa
708 940 837 999 vatieinatur

81 1006 167 1050 Ulixem
190 1020 270 1063 poenas
294 1009 392 1053 daturum
416 1022 462 1052 esse
486 1009 522 1052 diu
544 1009 566 1053 in
584 1010 638 1054 mari
656 1009 761 1054 ementem
780 1007 836 1065 (oye,
870 1042 872 1045 .
907 1030 908 1033 =

68 1084 70 1090 ·
82 1076 211 1133 teil—700),
221 1088 275 1132 quae
286 1079 392 1122 sententia
402 1074 482 1122 redolet
493 1091 546 1132 eam,
558 1091 621 1134 quam
631 1078 741 1133 proferunt
749 1077 838 1134 Homeri
876 1108 878 1112 -

80 1157 155 1188 versus
175 1145 214 1190 Od.
231 1162 236 1187 1
252 1151 372 1201 ead—535,
392 1140 468 1202 quihus
485 1147 610 1209 Neptunum
628 1137 711 1202 patrem
734 1149 758 1190 ut
780 1147 837 1190 mala

29 1265 30 1268 ,
77 1214 116 1257 :illa
135 1215 235 1259 eueniant
254 1216 314 1260 Ulixi
332 1217 437 1271 predatur.
468 1216 566 1275 Denique
583 1229 611 1260 ne
626 1212 665 1275 ho'o
681 1212 766 1272 quidem
781 1210 837 1270 quod
865 1236 866 1240 =

81 1280 174 1338 Oyolops
196 1297 220 1328 se
242 1290 321 1339 magno
342 1285 414 1340 lapide
436 1298 513 1329 navem
536 1285 655 1341 diruturum
677 1298 724 1328 esse
746 1285 852 1329 minetur¹

80 1349 137 1408 (oya.
154 1356 276 1411 roe—707)
295 1355 337 1415 alio
353 1367 380 1404 ex
398 1353 455 1414 fonte
473 1354 544 1398 hausit
561 1354 675 1409 Euripides
691 1354 735 1397 nisi
754 1367 780 1397 ex
797 1353 835 1396 Ori.
863 1344 865 1352 ⁴

81 1426 142 1467 1181
159 1435 203 1478 seq.
220 1425 241 1466 er
257 1427 377 1468 aer-542.
674 1448 676 1453 ,
902 1422 903 1425 ’

376 1565 525 1612 ,donolusia
579 1565 580 1569 ’
624 1558 626 1576 ³
885 1625 887 1628 ι

139 1647 238 1690 Breviter
252 1659 310 1691 nune
325 1647 449 1702 oolligamns
462 1659 523 1702 ,quae
541 1647 567 1690 de
583 1644 676 1702 Cyelope
692 1640 836 1707 disseruimus.

75 1715 177 1769 ¹Primum
192 1715 386 1761 enimtestimonia
401 1717 518 1770 imaginum
533 1707 555 1759 in
565 1708 765 1771 uasisdepietarum
781 1727 837 1759 eoru-

75 1784 175 1846 pennus
190 1786 249 1828 nulla
264 1786 313 1828 ante
328 1785 422 1829 medium
437 1785 545 1828 saeculum
561 1785 658 1841 quintum
668 1798 686 1828 a.
696 1783 734 1837 Oh.
743 1798 766 1827 11
777 1785 837 1844 Poly-

75 1854 184 1908 phemum
203 1853 303 1897 exhibere
322 1867 393 1898 unum
407 1854 491 1898 ooulum
500 1854 579 1902 ,media
596 1853 619 1897 in
634 1846 702 1908 fronte
717 1850 836 1906 habentem,
886 1888 887 1891 η

73 1916 119 1965 'sed
133 1924 183 1977 post
193 1920 305 1967 Cratinum
320 1927 383 1984 atque
394 1923 519 1978 Euripidem
530 1923 615 1967 demum
625 1934 724 1975 vasorum
734 1922 838 1980 piatorem

77 1992 174 2047 aliquem
189 1993 255 2037 talem
270 1994 356 2037 oeulum
370 1992 465 2048 pinxisse
481 1990 516 2050 (·).
535 1989 628 2036 'Vultum
644 1992 709 2046 igitur
723 1986 852 2050 humanum,

81 2061 147 2104 fnisse
160 2061 290 2117 ¹Polyphemi
309 2062 416 2116 disoimus,
436 2058 564 2118 quamquam
583 2074 637 2104 unus
656 2060 729 2105 oeulus
744 2061 800 2122 solus
816 2060 837 2103 in

81 2130 170 2184 pieturis
192 2124 279 2174 videtur
302 2144 345 2174 una
369 2131 463 2185 imagine
485 2131 587 2175 Boeotiea
612 2130 702 2185 excepta
724 2127 757 2187 (ε),
781 2129 837 2184 quod
884 2125 895 2146 ¹

81 2194 204 2242 Aristurehi
219 2199 319 2255 opinioni,
331 2212 373 2255 qua
382 2199 539 2255 Polyphemum
550 2200 616 2242 altero
627 2199 687 2242 oeulo
697 2199 739 2243 iam
751 2199 837 2253 captum
897 2214 899 2217 ·

80 2268 146 2311 fuisse
162 2268 259 2322 oonieeit,
275 2281 324 2313 oum
335 2269 410 2312 Ulixes
426 2275 474 2313 eum
490 2264 618 2321 conveniret,
629 2280 668 2322 nee
682 2269 789 2323 repugnat
798 2279 838 2311 neo

81 2336 181 2391 prodest
197 2337 264 2381 Porro
274 2337 408 2392 repperimus
416 2335 522 2392 Cyclopes
531 2336 656 2380 Homerleos
665 2337 761 2381 homines
772 2335 837 2379 fuisse

81 2407 183 2460 agrestes,
194 2407 232 2449 sed
242 2407 323 2450 nullum
334 2408 418 2450 exstare
429 2406 586 2459 dooumentnm
597 2405 652 2448 unde
663 2406 763 2467 unueulos
772 2404 837 2448 luisse

80 2476 190 2529 appareat,
206 2475 248 2518 nisi
262 2474 317 2519 forte
336 2475 458 2519 innomine
473 2475 579 2534 Kdulouee
594 2474 688 2534 offendis,
697 2475 733 2518 'de
743 2487 784 2530 qno
798 2473 838 2517 viri

80 2539 198 2593 doctissimi
208 2558 250 2589 non
261 2545 345 2589 omnino
360 2545 504 2598 consentiunt}
520 2546 593 2588 eontra
603 2535 837 2599 HesiodeosGyelopes

72 2615 181 2657 unooulos
192 2614 280 2658 Titanes
296 2614 438 2658 offioinatores
454 2606 519 2657 fnisse
534 2614 591 2657 nullo
606 2614 676 2658 modo
685 2626 733 2657 ounr
743 2612 837 2668 nyerope
851 2661 857 2669 .

80 2683 195 2728 Homerioo
221 2696 313 2728 eonexos
335 2683 377 2727 nisi
399 2683 493 2734 nonnne3
519 2682 646 2738 posteriores
662 2685 740 2730 'eutem
762 2673 837 2736 poetas
901 2707 913 2737 4
