1832 2847
430 42 570 101 -231—
609 25 653 83 J

261 164 277 211 dr
294 153 354 218 Ξεῖνοι,
365 166 414 212 τίνες
429 166 482 215 deret
498 166 557 207 πόθεν
574 161 641 204 πλεῖθῖ
656 162 702 222 ὑγρά
715 163 811 213 ’κέλευθα;

84 263 85 267 =
145 259 171 285 ys
243 236 305 295 hl!
321 237 370 277 κατά
385 229 451 294 πρῆξιν
467 236 480 291 ἦ
497 235 590 292 μαψιδίως
603 234 716 289 ἀλάλησθε,
747 241 748 245 ’
773 252 775 255 ’

221 348 224 354 ,
262 308 290 359 οἶάΙ
306 307 450 365 reqll'qrpr‘qpsus
467 306 518 364 ὑπεὶρ
535 305 580 353 ἅλα,
598 305 625 346 ποί
640 303 656 345 τ1
674 305 769 346 ditionum.

262 378 327 435 ψοχάς
339 378 454 435 παρθέμενοι
469 377 527 418 κακὸν
543 376 667 418 ἀλλοδαποῖσι
683 377 780 434 φέροντες
822 380 823 383 ’

125 448 165 506 Oui
187 451 262 495 Ulixes
285 454 398 506 respondet
423 466 446 496 se
469 457 567 507 suosque
590 451 690 496 Achaeos
713 448 881 505 Agamemnonis

59 512 60 515 '
125 519 199 573 socios,
223 520 287 563 Prota
309 522 372 575 capta
395 522 478 566 domum
493 521 575 565 redire.
602 521 669 575 Apud
688 520 812 575 Euripidem
830 530 880 561 vero

125 587 216 631 affirmat
238 601 261 631 se
283 602 378 645 suosque,
396 591 520 634 Ithacenses
543 603 596 651 esse,
615 580 727 645 propterea
745 589 801 645 quod
820 589 841 631 et
858 600 881 630 re

124 670 176 715 vera
190 657 266 701 Ulixes
281 659 401 703 Ithacensis
419 661 504 704 erut'et
518 661 595 704 Ithaca
612 673 678 714 prope
696 659 723 703 ab
742 658 815 702 Sicilia
833 657 880 700 sita.

182 726 228 769 Iam
247 721 297 770 uero
316 739 368 783 quos
387 730 454 784 satyri
471 730 493 773 in
509 729 581 773 fabula
599 729 697 773 scaenica
712 728 783 771 facere
798 726 881 770 labores

125 794 231 838 dehebant
242 795 299 851 (cpe.
310 797 433 855 206-218)
444 799 587 853 Polyphemus
603 799 716 853 antequam
732 796 817 841 Ulixem
833 807 881 850 con-

125 863 196 918 spexit
211 864 257 918 ipse
272 865 294 907 ih
309 857 407 921 Odyssea
425 868 514 925 suscipit
530 866 578 923 (Od.
595 883 599 908 ι
615 867 745 920 hcc—249).
776 865 819 921 Qui
834 876 880 907 oum

125 933 207 987 partem
222 933 284 976 laetis
299 936 413 989 separatim
428 936 450 979 in
465 927 522 987 uasis
537 938 604 991 ponat
619 937 646 980 ad
661 948 735 979 cenam
746 926 881 993 (ποτιδόρπιον)

125 1004 299 1058 praeparandam,
315 1005 443 1060 Euripideus
459 1020 485 1049 ex
500 999 583 1061 satyris
594 1006 683 1062 quaerit,
699 1019 749 1049 num
767 1005 836 1050 omnia
854 1004 881 1048 ad

106 1066 236 1127 'prandium
252 1068 343 1132 (ἄριστον)
359 1076 434 1128 parata
449 1070 496 1132 sint.
527 1076 602 1130 Atque
618 1075 644 1118 de
660 1075 717 1118 cenis
736 1074 792 1130 quod
806 1075 882 1129 poetae

126 1141 225 1185 differunt
246 1142 356 1202 fortuitum
377 1156 420 1186 non
442 1144 480 1187 est
496 1136 566 1187 'Nam
584 1157 631 1187 cum
649 1144 671 1187 in
690 1142 788 1199 Odyssea
806 1144 881 1197 omnia,

126 1215 180 1266 quae
198 1212 224 1255 de
243 1212 373 1266 Polyphemo
390 1207 508 1266 narrantur,
528 1212 555 1256 ab
573 1205 639 1256 altero
658 1225 725 1268 usque
744 1213 771 1256 ad
793 1213 882 1256 alterum

126 1293 237 1334 vesperum
254 1281 351 1335 agantur,
362 1282 409 1336 ‘quo
424 1282 459 1325 ille
470 1282 519 1325 vino
530 1294 645 1338 somnoque
656 1287 770 1337 oppressus
780 1281 807 1325 ab
818 1282 882 1325 Ulixe

69 1388 71 1392 Α
82 1406 84 1408 ¹
126 1352 259 1405 excaecatur,
270 1347 442 1405 Euripides'luce
453 1351 514 1394 unius
525 1351 567 1394 diei
582 1353 648 1395 totam
659 1347 695 1405 agi
709 1350 768 1394 iubet
782 1350 881 1394 fabulum.

126 1419 216 1462 Meridie
233 1420 299 1473 igitur
318 1414 363 1462 eum
382 1419 432 1462 inde
449 1421 590 1479 revertentem
606 1420 664 1475 facit,
680 1420 716 1463 ubi
728 1433 779 1464 oum
794 1420 882 1472 canibus

126 1501 164 1543 per
179 1489 263 1543 tempus
272 1488 404 1531 ‘matutinum
419 1491 509 1532 venatus
525 1491 562 1534 est.
674 1495 675 1498 ’

164 1615 165 1618 ¹
184 1557 285 1612 Sequitur
299 1558 363 1611 ionga
375 1557 417 1614 'illa
433 1558 505 1611 oratio,
526 1570 568 1613 qua
582 1558 658 1611 Ulixes
674 1558 773 1614 Cyclopis
792 1560 883 1602 mentem

106 1666 107 1669 ,
126 1627 211 1681 placare
227 1619 290 1681 atque
305 1626 327 1669 in
343 1639 365 1669 se
381 1631 473 1682 suosque
488 1628 612 1671 clementem
624 1629 713 1671 reddere
723 1629 811 1671 conatur
826 1627 882 1683 (Cyc.
907 1632 911 1639 '⁴

127 1694 255 1750 285-312).
287 1695 348 1750 Quae
363 1695 428 1739 verba
443 1696 527 1740 omnino
543 1697 645 1740 eiusmodi
660 1698 710 1740 sunt
725 1695 801 1752 quibus
819 1699 883 1751 poeta

126 1776 176 1807 suas
199 1763 315 1807 sententias
337 1764 441 1818 exprimat
463 1766 521 1808 nulla
539 1765 623 1820 ferere
642 1779 669 1809 ex
686 1766 779 1823 Homero
799 1767 882 1820 haustu,

81 1841 83 1844 ⁴
114 1832 168 1882 'nisi
183 1833 239 1887 quod
248 1832 324 1896 Ulixes
339 1846 352 1875 a
367 1831 461 1887 Cyclope
476 1834 536 1888 petit,
552 1836 576 1877 ut
591 1833 631 1877 sihi
646 1835 702 1890 dona
712 1829 748 1878 det
762 1835 882 1889 hospitalia,

127 1907 216 1956 cumque
231 1901 330 1944 admonet
344 1902 392 1956 lege
402 1903 507 1946 communi
517 1903 612 1961 homines
622 1904 690 1947 iuberi
701 1904 798 1947 miserum
815 1905 883 1948 colere

50 2002 52 2004 »
127 1971 148 2013 et
171 1969 250 2025 fovere
265 1965 367 2025 advenam
391 1969 427 2024 (of.
444 1961 482 2018 ou.
499 1988 503 2014 ι
518 1977 630 2017 acc-271
651 1974 672 2016 et
692 1973 741 2026 opu
754 1973 883 2030 ace-301).

127 2039 202 2094 Neque
220 2038 288 2082 minus
307 2052 409 2101 responsa
427 2041 554 2097 Polyphemi
568 2042 659 2097 propriis
675 2042 758 2086 ornavit
773 2043 883 2086 sententiis

110 2129 111 2132 ¹
127 2110 148 2151 et
164 2108 268 2155 orationis,
279 2108 371 2167 flosculis
381 2104 438 2167 [Gya
448 2112 577 2170 3164'346).
601 2111 659 2154 Diris
670 2111 732 2155 minis
742 2112 883 2166 pronuntiatis

98 2219 100 2222 .
127 2174 257 2232 Cyelops'in
272 2179 355 2225 antrum
371 2192 394 2222 se
409 2179 496 2234 confert,
514 2181 549 2223 uhi
564 2180 633 2224 socios
651 2182 731 2224 mactat
749 2182 801 2224 duos
820 2183 884 2237 atque

129 2246 226 2290 comedit.
257 2246 329 2301 Satyri
344 2249 414 2291 autem
429 2250 509 2293 saltant
523 2253 545 2306 et
560 2251 653 2293 cantant
663 2250 712 2292 dum
724 2250 798 2293 Ulixes
814 2251 883 2304 exeat,

129 2315 165 2371 qui
180 2315 250 2359 omnia
265 2328 319 2371 quae
334 2317 391 2360 intus
409 2319 458 2362 acta
475 2320 525 2362 sunt
542 2318 635 2362 nefanda
652 2321 730 2363 narrat.
751 2318 844 2375 Quibus
862 2320 884 2362 in

97 2382 98 2386 ’
128 2384 239 2427 narrandis
253 2386 317 2438 poeta
332 2387 421 2429 eundem
432 2388 552 2431 vHomerum
566 2388 588 2430 in
606 2390 687 2431 summu
705 2401 773 2431 rerum
789 2388 884 2443 sequitur

129 2453 165 2508 (cf.
183 2452 222 2496 Od.
238 2469 243 2494 ι
258 2458 371 2497 288—298
388 2457 409 2498 et
426 2456 472 2515 Ορο,
489 2455 617 2513 282-436).
649 2456 692 2500 Sed
710 2469 764 2512 quae
779 2457 806 2500 de
820 2458 884 2512 Poly·

128 2523 204 2577 phemo
218 2522 284 2566 hoves
300 2525 405 2568 mulcente
419 2520 538 2579 narrantem
553 2517 614 2580 fingit
623 2526 709 2569 Ulixem
718 2539 761 2570 non
771 2527 884 2570 concinunt

127 2603 177 2636 cum
194 2588 246 2635 locis
253 2603 258 2628 t
265 2592 445 2648 antecedentibus,
464 2594 501 2638 ubi
518 2596 637 2649 satyrorum
656 2607 719 2649 opera
742 2595 827 2638 servilia
849 2595 883 2638 de-

106 2719 108 2721 ·
129 2661 220 2715 scripsit.
251 2660 293 2703 Sed
316 2660 366 2715 quia
387 2674 474 2705 necesse
497 2665 542 2705 erat
561 2664 646 2706 chorum
664 2665 782 2717 ‘satyrorum
800 2663 883 2708 interim
