1832 2847
395 69 525 107 ,6-

78 205 165 247 prorsus
187 191 229 235 alio
251 191 313 235 modo
336 191 400 247 atque
423 203 464 247 quo
486 191 508 235 in
526 189 616 246 pisturis
636 192 756 248 dequibus
776 205 840 249 supra
887 214 901 249 g

79 261 160 316 egimus
183 260 283 304 traditam
306 260 432 304 invenimus.
466 261 522 305 Nam
541 262 690 317 praeterquam
709 263 765 317 qnod
784 263 840 306 olane

80 331 177 374 videmus
192 331 348 385 Polyphemum
366 342 430 373 unum
449 331 532 374 tantum
551 331 635 374 oeulum
651 330 720 374 media
734 330 757 374 in
772 330 841 375 fronte

81 400 173 455 positum
188 399 273 453 habere,
289 399 325 442 hio
341 399 404 443 etiam
420 400 504 454 satyros
520 399 573 443 duos
588 399 659 443 iooose
674 400 841 444 36113111636611-

82 469 188 524 spieimus.
213 466 266 512 Oum
278 466 371 523 Oyolops
386 469 433 523 ipse
448 469 497 512 aute
513 461 635 523 speluncam
646 469 739 513 dormiat
746 468 841 512 similiter

82 541 146 594 atque
164 538 296 581 ridimusiu
311 539 424 582 yasouloe
447 537 566 592 subantem,
586 551 628 582 sex
642 527 686 582 viri
700 539 772 594 palum
794 552 840 593 per·
867 535 868 538 ’

82 621 182 662 magnum
197 607 242 661 igni
257 609 341 668 parant,
357 610 381 651 ut
395 607 522 663 Polyphemi
537 608 620 651 oeulum
636 611 762 658 exeaeoent.'
781 607 841 663 Quae

84 678 153 721 omnia
169 676 195 720 ab
211 676 292 720 artifioe
307 678 420 736 perspioue
434 677 493 731 pieta
509 677 558 720 sunt
572 678 649 731 poeulo
665 679 728 733 atque
738 678 785 721 utre
799 677 840 720 iam

83 747 133 790 virm
149 746 193 789 fere
208 758 276 789 vaouo
291 759 335 790 non
345 746 434 790 omissis.
457 746 584 789 Neoessario
595 747 665 790 autem
676 747 773 790 Wintero
786 745 841 804 (1.1.)

84 817 105 859 61
120 815 213 859 Roberto
232 813 275 872 (op.
291 816 305 859 1.
320 828 341 870 p.
358 814 393 872 35)
413 815 569 859 coneedendnm
589 816 622 858 est
639 815 662 858 in
679 817 719 859 hoe
737 828 788 858 vase
806 815 842 858 de·

83 886 162 939 piotam
181 897 228 927 esse
247 884 335 927 eandem
353 897 397 927 rem
416 896 470 939 quae
488 883 510 926 in
528 883 638 938 Euripidis
658 883 744 941 Cyclope
762 884 841 942 agitur.

85 953 156 998 Ceteri
172 953 226 996 enim
243 953 341 1007 artifices,
358 965 446 1009 quorum
465 965 529 1007 opera
546 946 692 1008 traetavimus
705 953 852 1013 severitatem⁴

85 1023 189 1079 qraaudem
212 1022 295 1077 epicam
317 1023 339 1065 in
357 1023 464 1077 pingendo
482 1024 640 1076 oonseryarunt,
659 1022 842 1077 hio'potissimum

85 1093 179 1146 notiones
203 1092 313 1136 seaenioas
336 1092 442 1136 describit.
472 1091 544 1135 Etiam
560 1081 699 1145 Timanthem,
718 1092 754 1147 qni
772 1092 842 1146 paullo

85 1164 134 1217 post
148 1161 274 1216 Euripidem
289 1161 367 1215 floruit,
383 1162 469 1205 auotore
484 1160 554 1204 Plinio
564 1177 590 1204 n.
606 1163 624 1205 h.
640 1160 739 1208 XXXV·
746 1165 773 1203 74
788 1168 843 1204 eom*-

42 1225 43 1229 ’
85 1231 178 1287 perimus
194 1232 278 1285 satyros
293 1243 336 1274 una
347 1243 395 1274 oum
405 1223 498 1285 Oyolope
508 1230 604 1284 pinxisse
613 1226 736 1273 ¹dormientis
746 1230 843 1284 pollinem

85 1302 159 1355 thyrso
182 1299 300 1353 metientes,
324 1311 366 1354 quo
388 1299 462 1342 melius
485 1300 598 1353 appareret
621 1310 683 1354 quam
705 1299 787 1353 ingenti
808 1298 843 1342 1116

86 1370 143 1413 esset
157 1369 310 1423 magnitudine.
694 1389 696 1391 >
864 1414 865 1417 ,

143 1438 248 1482 Videmus
263 1437 331 1491 igitur
346 1450 373 1480 611
387 1436 515 1491 imaginibus
533 1437 555 1479 in
574 1436 631 1480 vasis
647 1436 736 1491 depictis
751 1435 854 1481 fabulam,

88 1506 211 1562 Oyolopiam
222 1518 290 1562 usque
301 1506 328 1550 ad
344 1506 405 1549 finem
420 1506 501 1549 saeouli
516 1519 534 1550 a.
543 1504 582 1550 Ch.
591 1519 611 1548 n.
627 1505 683 1549 sexti
697 1505 858 1567 pervulgatam¹

88 1591 135 1622 esse
157 1578 179 1621 in
199 1578 260 1621 Ionia
275 1576 298 1633 (α
313 1589 360 1631 sup.
376 1590 397 1630 p.
413 1575 433 1632 2)
450 1574 569 1631 Cyrenaiea
584 1574 604 1633 (β
620 1588 665 1631 sup.
681 1588 701 1630 p.
719 1574 741 1633 3)
756 1575 845 1620 Boeotia

17 1677 19 1679 -
89 1649 107 1704 (ε
123 1660 168 1701 sup.
184 1660 205 1702 p.
222 1646 245 1702 4)
276 1645 379 1692 Chaloide
394 1644 412 1702 (y
427 1658 473 1700 sup.
489 1658 510 1700 p.
527 1644 549 1714 3)
568 1646 644 1690 Attioa
663 1643 681 1701 (h
697 1652 743 1699 sup.
758 1658 779 1700 p.
795 1649 808 1687 4
824 1646 845 1688 et

89 1722 109 1773 ζ,
125 1733 144 1773 η,
161 1718 181 1771 h,
198 1733 202 1758 1
216 1729 238 1771 p.
255 1715 284 1775 5),
299 1716 434 1771 pistoresque
448 1715 576 1759 lineamenta
591 1715 660 1771 atita
678 1715 746 1758 diuam
761 1713 846 1764 fabulae
912 1740 914 1745 ,

89 1787 204 1843 Cyclopiae
220 1787 305 1830 seentos
321 1797 368 1828 6336
383 1786 546 1828 oonsentaneum
562 1786 600 1839 est,
619 1797 661 1828 nou
675 1783 764 1827 Homeri
780 1782 846 1826 verba
888 1795 890 1801 ’

89 1858 189 1902 aeourate
205 1850 343 1911 expressisse.
374 1853 410 1898 sie
428 1867 441 1898 a
459 1853 555 1909 pristinis
565 1853 689 1912 ¹¹artifiuibus
703 1853 846 1907 Polyphemus

89 1926 149 1970 nobis
159 1925 277 1969 ostenditur
287 1924 321 1967 vir
332 1922 439 1977 barbatus,
448 1922 627 1984 saepeingentior
635 1934 697 1982 quam
706 1934 745 1976 pro
755 1922 846 1964 humano
881 1972 883 1975 .

88 1995 169 2049 habita,
189 1994 265 2048 nudus,
284 2004 349 2046 saepe
372 1992 453 2035 olavam
475 1993 556 2045 tenens,
576 1991 675 2044 insultus,
693 1990 757 2044 rudis,
776 1991 847 2033 tamen
880 2008 890 2018 ν
908 2044 909 2047 ¹

75 2111 76 2114 ,
89 2078 131 2108 11611
147 2063 230 2107 omnino
245 2063 314 2105 instar
328 2060 385 2103 illius
400 2064 487 2103 monstra·
501 2062 607 2114 torrendi,
624 2059 686 2114 quale
695 2058 808 2113 Euripides
822 2070 847 2101 ae

90 2133 198 2187 Vergilius
216 2131 311 2184 tradunt,
329 2128 452 2184 neutiquam
470 2142 520 2173 vero
538 2129 574 2172 ille
597 2129 678 2171 amator
699 2127 767 2171 mollis
786 2139 847 2181 quem
878 2118 879 2121 '

90 2203 166 2256 poetae
177 2201 253 2244 aetatis
264 2198 388 2255 posterioris
399 2197 526 2242 deseribunt.
549 2198 605 2241 Nam
615 2208 740 2253 quamquam
751 2195 847 2238 immanis

91 2273 129 2325 est,
146 2270 224 2326 quippe
239 2270 276 2325 qui
291 2269 360 2312 etiam
370 2267 464 2310 homines
480 2268 535 2322 edat,
550 2268 622 2310 tamen
637 2278 721 2320 semper
733 2266 845 2308 humanam

90 2340 178 2395 praebet
193 2339 278 2390 faeiem3
294 2350 337 2381 non
352 2337 385 2379 est
400 2328 513 2379 monstrum
529 2335 651 2393 nefandum,
665 2347 706 2378 non
722 2334 789 2388 gigas,
804 2346 846 2377 nou

91 2409 152 2459 deus3
173 2408 263 2462 denique
281 2407 343 2450 homo
367 2405 400 2447 est
422 2404 517 2459 quamvis
532 2401 614 2465 statura
628 2402 719 2458 reliquos
735 2402 846 2456 exoedens

91 2478 146 2522 siout
168 2476 244 2520 fratres
267 2476 312 2520 61113
331 2472 443 2529 Cyolopes,
462 2473 498 2528 qui
516 2475 537 2516 et
554 2473 601 2528 ipsi
613 2473 663 2516 sunt
684 2472 785 2516 homines.
815 2471 847 2515 At

92 2547 147 2602 quod
165 2547 187 2589 in
205 2545 301 2590 omnibus
319 2544 378 2588 vasis
398 2542 443 2586 61113
461 2542 537 2586 aetatis
555 2543 646 2597 exeepta
664 2541 730 2596 oylioe
745 2540 847 2584 Boeotioa

92 2618 110 2674 (ε
121 2629 166 2670 sup.
175 2628 195 2670 p.
204 2614 227 2672 4)
235 2615 292 2658 solus
303 2614 376 2658 66111113
386 2613 460 2655 laeuus
471 2611 616 2666 speetantibus
626 2612 721 2665 apparet,
730 2609 847 2653 cavendum
891 2650 892 2653 ,

92 2687 165 2730 estne
180 2685 207 2728 ad
218 2682 323 2738 Cyelopes
338 2681 440 2726 unooulos
450 2680 568 2724 Hesiodeos
582 2679 704 2724 referamus.
729 2678 784 2722 Nam
800 2690 846 2721 oum
